<record><leader>00000cas a2200000 a 4500</leader><controlfield tag="001">10815247</controlfield><controlfield tag="008">840607d19421943caudn ne     f0    0eng c</controlfield><datafield ind1=" " ind2=" " tag="010"><subfield code="a">sn 84025954 </subfield></datafield><datafield ind1=" " ind2=" " tag="040"><subfield code="a">NPV</subfield><subfield code="b">eng</subfield><subfield code="c">NPV</subfield><subfield code="d">DLC</subfield><subfield code="d">CNK</subfield><subfield code="d">CVF</subfield><subfield code="d">DLC</subfield><subfield code="d">WAU</subfield><subfield code="d">NYS</subfield><subfield code="d">DLC</subfield><subfield code="d">OCLCQ</subfield><subfield code="d">OCLCF</subfield><subfield code="d">CRL</subfield><subfield code="d">OCL</subfield><subfield code="d">OCLCA</subfield><subfield code="d">WAU</subfield></datafield><datafield ind1="0" ind2=" " tag="041"><subfield code="a">eng</subfield><subfield code="a">jpn</subfield></datafield><datafield ind1=" " ind2=" " tag="042"><subfield code="a">pcc</subfield></datafield><datafield ind1=" " ind2=" " tag="043"><subfield code="a">n-us-ca</subfield></datafield><datafield ind1="0" ind2="0" tag="050"><subfield code="a">Newspaper</subfield></datafield><datafield ind1=" " ind2=" " tag="090"><subfield code="a">D769.8.A6</subfield></datafield><datafield ind1="0" ind2="4" tag="245"><subfield code="a">The daily Tulean dispatch.</subfield></datafield><datafield ind1="3" ind2="0" tag="246"><subfield code="a">Tulean dispatch</subfield></datafield><datafield ind1="3" ind2="0" tag="246"><subfield code="a">Daily dispatch</subfield></datafield><datafield ind1=" " ind2=" " tag="260"><subfield code="a">[Newell, Calif. :</subfield><subfield code="b">War Relocation Authority],</subfield><subfield code="c">1942-1943.</subfield></datafield><datafield ind1=" " ind2=" " tag="300"><subfield code="a">2 v.</subfield></datafield><datafield ind1=" " ind2=" " tag="310"><subfield code="a">Daily (except Sunday)</subfield></datafield><datafield ind1=" " ind2=" " tag="336"><subfield code="a">text</subfield><subfield code="b">txt</subfield><subfield code="2">rdacontent</subfield></datafield><datafield ind1=" " ind2=" " tag="337"><subfield code="a">unmediated</subfield><subfield code="b">n</subfield><subfield code="2">rdamedia</subfield></datafield><datafield ind1=" " ind2=" " tag="338"><subfield code="a">volume</subfield><subfield code="b">nc</subfield><subfield code="2">rdacarrier</subfield></datafield><datafield ind1="0" ind2=" " tag="362"><subfield code="a">Vol. 3, no. 1 (July 17, 1942)-v. 4, no. 88 (Mar. 6, 1943).</subfield></datafield><datafield ind1=" " ind2=" " tag="515"><subfield code="a">The vol. no. "1" was reserved for its magazine which began in Aug. 1942 and ran concurrently with v. 2-6 of the daily newspaper.</subfield></datafield><datafield ind1="8" ind2=" " tag="521"><subfield code="a">Internment camp newspaper.</subfield></datafield><datafield ind1=" " ind2=" " tag="525"><subfield code="a">Supplements accompany some issues.</subfield></datafield><datafield ind1=" " ind2=" " tag="530"><subfield code="a">Available on microfilm from the Library of Congress, Photoduplication Service (Japanese camp papers).</subfield></datafield><datafield ind1=" " ind2=" " tag="546"><subfield code="a">In English and Japanese.</subfield></datafield><datafield ind1=" " ind2=" " tag="550"><subfield code="a">Published at the Tule Lake Relocation Center established by the War Relocation Authority.</subfield></datafield><datafield ind1=" " ind2="0" tag="650"><subfield code="a">World War, 1939-1945</subfield><subfield code="x">Japanese Americans</subfield><subfield code="v">Newspapers.</subfield></datafield><datafield ind1=" " ind2="0" tag="650"><subfield code="a">Japanese Americans</subfield><subfield code="z">California</subfield><subfield code="v">Newspapers.</subfield></datafield><datafield ind1=" " ind2="0" tag="651"><subfield code="a">Newell (Calif.)</subfield><subfield code="v">Newspapers.</subfield></datafield><datafield ind1=" " ind2="0" tag="651"><subfield code="a">Modoc County (Calif.)</subfield><subfield code="v">Newspapers.</subfield></datafield><datafield ind1="2" ind2="7" tag="611"><subfield code="a">World War (1939-1945)</subfield><subfield code="2">fast</subfield><subfield code="0">(OCoLC)fst01180924</subfield></datafield><datafield ind1=" " ind2="7" tag="650"><subfield code="a">Japanese Americans.</subfield><subfield code="2">fast</subfield><subfield code="0">(OCoLC)fst00981441</subfield></datafield><datafield ind1=" " ind2="7" tag="651"><subfield code="a">California.</subfield><subfield code="2">fast</subfield><subfield code="0">(OCoLC)fst01204928</subfield></datafield><datafield ind1=" " ind2="7" tag="651"><subfield code="a">California</subfield><subfield code="z">Modoc County.</subfield><subfield code="2">fast</subfield><subfield code="0">(OCoLC)fst01218112</subfield></datafield><datafield ind1=" " ind2="7" tag="651"><subfield code="a">California</subfield><subfield code="z">Newell.</subfield><subfield code="2">fast</subfield><subfield code="0">(OCoLC)fst01222406</subfield></datafield><datafield ind1=" " ind2="7" tag="648"><subfield code="a">1939-1945</subfield><subfield code="2">fast</subfield></datafield><datafield ind1=" " ind2="7" tag="655"><subfield code="a">Japanese American evacuation and relocation camp newspapers.</subfield><subfield code="2">ngl</subfield></datafield><datafield ind1=" " ind2="7" tag="655"><subfield code="a">Newspapers.</subfield><subfield code="2">lcgft</subfield></datafield><datafield ind1=" " ind2="7" tag="655"><subfield code="a">Newspapers.</subfield><subfield code="2">fast</subfield><subfield code="0">(OCoLC)fst01423814</subfield></datafield><datafield ind1="2" ind2=" " tag="710"><subfield code="a">Tule Lake Relocation Center.</subfield></datafield><datafield ind1="1" ind2=" " tag="710"><subfield code="a">United States.</subfield><subfield code="b">War Relocation Authority.</subfield></datafield><datafield ind1="0" ind2=" " tag="730"><subfield code="a">Daily Tulean dispatch magazine section.</subfield></datafield><datafield ind1="0" ind2=" " tag="730"><subfield code="a">Tulean dispatch magazine section.</subfield></datafield><datafield ind1=" " ind2=" " tag="752"><subfield code="a">United States</subfield><subfield code="b">California</subfield><subfield code="c">Modoc</subfield><subfield code="d">Newell.</subfield></datafield><datafield ind1="0" ind2="8" tag="776"><subfield code="i">Online version:</subfield><subfield code="t">Daily Tulean dispatch</subfield><subfield code="w">(OCoLC)793125979</subfield></datafield><datafield ind1="0" ind2="0" tag="780"><subfield code="t">Tulean dispatch</subfield><subfield code="w">(DLC)sn 84025953</subfield><subfield code="w">(OCoLC)10815184</subfield></datafield><datafield ind1="0" ind2="0" tag="785"><subfield code="t">Tulean dispatch daily</subfield><subfield code="w">(DLC)sn 87062142</subfield><subfield code="w">(OCoLC)15540882</subfield></datafield><datafield ind1="0" ind2="8" tag="787"><subfield code="i">Published concurrently with:</subfield><subfield code="t">Daily Tulean dispatch magazine section</subfield><subfield code="g">Aug. 1942</subfield></datafield><datafield ind1="0" ind2="8" tag="787"><subfield code="i">Published concurrently with:</subfield><subfield code="t">Tulean dispatch magazine section</subfield><subfield code="g">Nov. 1942-1943.</subfield></datafield><datafield ind1="1" ind2=" " tag="029"><subfield code="a">AU@</subfield><subfield code="b">000003274472</subfield></datafield></record>